@InProceedings{heggie_mathieu_unidades,
    author="Heggie, D. C. and Mathieu, R. D.",
    editor="Hut, Piet and McMillan, Stephen L. W.",
    title="Standardised units and time scales",
    booktitle="The Use of Supercomputers in Stellar Dynamics",
    year="1986",
    publisher="Springer Berlin Heidelberg",
    address="Berlin, Heidelberg",
    pages="233--235",
    isbn="978-3-540-47361-9"
}

@book{aarseth_gravitational_2003,
	address = {Cambridge},
	series = {Cambridge {Monographs} on {Mathematical} {Physics}},
	title = {Gravitational {N}-{Body} {Simulations}: {Tools} and {Algorithms}},
	isbn = {978-0-521-43272-6},
	shorttitle = {Gravitational {N}-{Body} {Simulations}},
	publisher = {Cambridge University Press},
	author = {Aarseth, Sverre J.},
	year = {2003},
	doi = {10.1017/CBO9780511535246},
}